@inproceedings{Lee2020a,
    author = {Dayeol Lee and David Kohlbrenner and Shweta Shinde and Krste Asanović and Dawn Song},
    title = {Keystone: An Open Framework for Architecting Trusted Execution Environments},
    booktitle = {EuroSys},
    publisher = {ACM},
    year = {2020},
    url = {https://dl.acm.org/doi/pdf/10.1145/3342195.3387532},
}

@online{kaniko,
    title = {kaniko},
    url = {https://github.com/GoogleContainerTools/kaniko},
    urldate = {2022-04-20},
}

@online{baton,
    title = {Baton},
    url = {https://github.com/americanexpress/baton},
    urldate = {2022-04-18},
}

@online{underhanded-c,
    title = {The Underhanded {C} Contest},
    year = {2015},
    url = {http://www.underhanded-c.org},
    urldate = {2022-04-18},
}

@online{nitro-enclaves,
    title = {{AWS} Nitro Enclaves},
    urldate = {2022-04-15},
    url = {https://aws.amazon.com/ec2/nitro/nitro-enclaves/},
}

@inproceedings{Padmanabhan20a,
    author = {Ramakrishna Padmanabhan and John P. Rula and Philipp Richter and Stephen D. Strowes and Alberto Dainotti},
    title = {{DynamIPs}: Analyzing address assignment practices in {IPv4} and {IPv6}},
    booktitle = {CoNEXT},
    publisher = {ACM},
    year = {2020},
    url = {https://www.prichter.com/dynamips_conext20.pdf},
}

@article{Shamir79a,
    author = {Adi Shamir},
    title = {How to share a secret},
    journal = {Communications of the ACM},
    volume = {22},
    number = {11},
    year = {1979},
    url = {http://web.mit.edu/6.857/OldStuff/Fall03/ref/Shamir-HowToShareASecret.pdf},
}

@online{Marlinspike17a,
    author = {Moxie Marlinspike},
    title = {Technology preview: Private contact discovery for Signal},
    year = {2017},
    month = sep,
    url = {https://signal.org/blog/private-contact-discovery/},
}

@online{Lund19a,
    author = {Joshua Lund},
    title = {Technology Preview for secure value recovery},
    year = {2019},
    month = dec,
    url = {https://signal.org/blog/secure-value-recovery/},
}

@online{ko,
    title = {ko: Easy {Go} Containers},
    url = {https://github.com/google/ko},
}

@inproceedings{Xu01a,
    author = {Jun Xu and Jinliang Fan and Mostafa Ammar and Sue B. Moon},
    title = {On the Design and Performance of Prefix-Preserving {IP} Traffic Trace Anonymization},
    booktitle = {Internet Measurement Workshop},
    publisher = {ACM},
    year = {2001},
    url = {https://conferences.sigcomm.org/imc/2001/imw2001-papers/69.pdf},
}

@inproceedings{Zhang16a,
    author = {Fan Zhang and Ethan Cecchetti and Kyle Croman and Ari Juels and Elaine Shi},
    title = {Town Crier: An Authenticated Data Feed for Smart Contracts},
    booktitle = {CCS},
    publisher = {ACM},
    year = {2016},
    url = {https://dl.acm.org/doi/pdf/10.1145/2976749.2978326},
}

@inproceedings{Mailthody21a,
    author = {Vikram Sharma Mailthody and James Wei and Nicholas Chen and Mohammad Behnia and Ruihao Yao andQihao Wang and Vedant Agrawal and Churan He and Lijian Wang and Leihao Chen and Amit Agarwal and Edward Richter and Wen-Mei Hwu and Christopher W. Fletcher and Jinjun Xiong and Andrew Miller and Sanjay Patel},
    title = {Safer {Illinois} and {RokWall}: Privacy Preserving University Health Apps for {COVID}-19},
    booktitle = {CoronaDef},
    publisher = {The Internet Society},
    year = {2021},
    url = {https://www.ndss-symposium.org/wp-content/uploads/coronadef2021_23001_paper.pdf},
}

@inproceedings{Lee20a,
    author = {Dayeol Lee and David Kohlbrenner and Shweta Shinde and Krste Asanović and Dawn Song},
    title = {Keystone: An Open Framework for Architecting Trusted Execution Environments},
    booktitle = {EuroSys},
    publisher = {ACM},
    year = {2020},
    url = {https://dl.acm.org/doi/pdf/10.1145/3342195.3387532},
}

@inproceedings{Bulck18a,
    author = {Jo Van Bulck and Marina Minkin and Ofir Weisse and Daniel Genkin and Baris Kasikci and Frank Piessens and Mark Silberstein and Thomas F. Wenisch and Yuval Yarom and Raoul Strackx},
    title = {{FORESHADOW}: Extracting the Keys to the {Intel} {SGX} Kingdom with Transient Out-of-Order Execution},
    booktitle = {USENIX Security},
    year = {2018},
    url = {https://www.usenix.org/system/files/conference/usenixsecurity18/sec18-van_bulck.pdf},
}

@inproceedings{Bulck19a,
    author = {Jo Van Bulck and David Oswald and Eduard Marin and Abdulla Aldoseri and Flavio D. Garcia and Frank Piessens},
    title = {A Tale of Two Worlds: Assessing the Vulnerability of Enclave Shielding Runtimes},
    booktitle = {CCS},
    publisher = {ACM},
    year = {2019},
    url = {https://fahrplan.events.ccc.de/rc3/2020/Fahrplan/system/event_attachments/attachments/000/004/153/original/ccs19-tale.pdf},
}

@online{Nilsson20a,
    author = {Alexander Nilsson and Pegah Nikbakht Bideh and Joakim Brorsson},
    title = {A Survey of Published Attacks on {Intel} {SGX}},
    eprint = {2006.13598},
    eprinttype = {arxiv},
    eprintclass = {cs.CR},
    year = {2020},
    url = {https://arxiv.org/pdf/2006.13598.pdf},
}

@online{Davidson2021a,
    author = {Alex Davidson and Peter Snyder and E. B. Quirk and Joseph Genereux and Benjamin Livshits},
    title = {{STAR}: Distributed Secret Sharing for Private Threshold Aggregation Reporting},
    eprint = {2109.10074},
    eprinttype = {arxiv},
    eprintclass = {cs.CR},
    year = {2021},
    url = {https://arxiv.org/abs/2109.10074},
}

@article{Pang06a,
    author = {Ruoming Pang and Mark Allman and Vern Paxson and Jason Lee},
    title = {The Devil and Packet Trace Anonymization},
    journal = {ACM CCR},
    volume = {36},
    issue = {1},
    year = {2006},
    url = {https://www.icir.org/mallman/pubs/PAPL06/PAPL06.pdf},
}

@inproceedings{Han17a,
    author = {Juhyeng Han and Seongmin Kim and Jaehyeong Ha and Dongsu Han},
    title = {{SGX}-Box: Enabling Visibility on Encrypted Traffic using a Secure Middlebox Module},
    booktitle = {APNet},
    publisher = {ACM},
    year = {2017},
    url = {https://conferences.sigcomm.org/events/apnet2017/papers/sgxbox-han.pdf}
}

@article{Burkhart10a,
    author = {Martin Burkhart and Dominik Schatzmann and Brian Trammell and Elisa Boschi and Bernhard Plattner},
    title = {The Role of Network Trace Anonymization under Attack},
    journal = {ACM CCR},
    volume = {40},
    issue = {1},
    year = {2010},
    url = {https://citeseerx.ist.psu.edu/viewdoc/download?doi=10.1.1.156.2522&rep=rep1&type=pdf},
}

@inproceedings{Mohammady15a,
    author = {Meisam Mohammady and Lingyu Wang and Yuan Hong and Habib Louafi and Makan Pourzandi and Mourad Debbabi},
    title = {Preserving Both Privacy and Utility in Network Trace Anonymization},
    booktitle = {CCS},
    publisher = {ACM},
    year = {2015},
    url = {https://dl.acm.org/doi/pdf/10.1145/3243734.3243809},
}

@inproceedings{Bittau2017a,
    author = {Andrea Bittau and Úlfar Erlingsson and Petros Maniatis and Ilya Mironov and Ananth Raghunathan and David Lie and Mitch Rudominer and Ushasree Kode and Julien Tinnes and Bernhard Seefeld},
    title = {{PROCHLO}: Strong Privacy for Analytics in the Crowd},
    booktitle = {SOSP},
    publisher = {ACM},
    year = {2017},
    url = {https://static.googleusercontent.com/media/research.google.com/en//pubs/archive/46411.pdf},
}
